//// PEMETAAN
// LIDAR
@INPROCEEDINGS{MAP_LIDAR_2D,  
  author={Catapang, Angelo Nikko and Ramos, Manuel},  
  booktitle={2016 6th IEEE International Conference on Control System, Computing and Engineering (ICCSCE)},   
  title={Obstacle detection using a 2D LIDAR system for an Autonomous Vehicle},   
  year={2016},  
  volume={},  
  number={},  
  pages={441-445},  
  doi={10.1109/ICCSCE.2016.7893614}}

@INPROCEEDINGS{MAP_LIDAR_3D,  
  author={Zermas, Dimitris and Izzat, Izzat and Papanikolopoulos, Nikolaos},  
  booktitle={2017 IEEE International Conference on Robotics and Automation (ICRA)},   
  title={Fast segmentation of 3D point clouds: A paradigm on LiDAR data for autonomous vehicle applications},   
  year={2017},  
  volume={},  
  number={},  
  pages={5067-5073},  
  doi={10.1109/ICRA.2017.7989591}}

@article{TRACK_LIDAR_3D,
  title={Pedestrian recognition and tracking using 3D LiDAR for autonomous vehicle},
  author={Wang, Heng and Wang, Bin and Liu, Bingbing and Meng, Xiaoli and Yang, Guanghong},
  journal={Robotics and Autonomous Systems},
  volume={88},
  pages={71--78},
  year={2017},
  publisher={Elsevier}
}

\\ RADAR
@inproceedings{MAP_RADAR_MMWAVE,
  title={Autonomous land vehicle navigation using millimeter wave radar},
  author={Clark, Steve and Durrant-Whyte, Hugh},
  booktitle={Proceedings. 1998 IEEE International Conference on Robotics and Automation (Cat. No. 98CH36146)},
  volume={4},
  pages={3697--3702},
  year={1998},
  organization={IEEE}
}

@article{MAP_RADAR_PERCEPTION,
  title={Radar-based perception for autonomous outdoor vehicles},
  author={Reina, Giulio and Underwood, James and Brooker, Graham and Durrant-Whyte, Hugh},
  journal={Journal of Field Robotics},
  volume={28},
  number={6},
  pages={894--913},
  year={2011},
  publisher={Wiley Online Library}
}

\\ CAMERA
@inproceedings{MAP_CAM_MONO_3D,
  title={Mono-camera 3d multi-object tracking using deep learning detections and pmbm filtering},
  author={Scheidegger, Samuel and Benjaminsson, Joachim and Rosenberg, Emil and Krishnan, Amrit and Granstr{\"o}m, Karl},
  booktitle={2018 IEEE Intelligent Vehicles Symposium (IV)},
  pages={433--440},
  year={2018},
  organization={IEEE}
}

@inproceedings{MAP_CAM_STEREO_3D,
  title={Stereo r-cnn based 3d object detection for autonomous driving},
  author={Li, Peiliang and Chen, Xiaozhi and Shen, Shaojie},
  booktitle={Proceedings of the IEEE/CVF Conference on Computer Vision and Pattern Recognition},
  pages={7644--7652},
  year={2019}
}

@article{MAP_CAM_MONO_3D_2,
  title   = {Vehicle distance estimation using a mono-camera for FCW/AEB systems},
  volume  = {17},
  doi     = {10.1007/s12239-016-0050-9},
  number  = {3},
  journal = {International Journal of Automotive Technology},
  author  = {Han, J. and Heo, O. and Park, M. and Kee, S. and Sunwoo, M.},
  year    = {2016},
  pages   = {483â€“491}
}

//// 2D 3D Detection
@article{kim2014radarcamfusion,
  title={Data fusion of radar and image measurements for multi-object tracking via Kalman filtering},
  author={Kim, Du Yong and Jeon, Moongu},
  journal={Information Sciences},
  volume={278},
  pages={641--652},
  year={2014},
  publisher={Elsevier}
}

@inproceedings{chen2017multiview,
  title={Multi-view 3d object detection network for autonomous driving},
  author={Chen, Xiaozhi and Ma, Huimin and Wan, Ji and Li, Bo and Xia, Tian},
  booktitle={Proceedings of the IEEE conference on Computer Vision and Pattern Recognition},
  pages={1907--1915},
  year={2017}
}

@article{chang2020spatial,
  title={Spatial Attention fusion for obstacle detection using mmwave radar and vision sensor},
  author={Chang, Shuo and Zhang, Yifan and Zhang, Fan and Zhao, Xiaotong and Huang, Sai and Feng, Zhiyong and Wei, Zhiqing},
  journal={Sensors},
  volume={20},
  number={4},
  pages={956},
  year={2020},
  publisher={Multidisciplinary Digital Publishing Institute}
}



//// fusion
@article{kim2020EKFradarlidar,
  title={Extended Kalman filter (EKF) design for vehicle position tracking using reliability function of radar and lidar},
  author={Kim, Taeklim and Park, Tae-Hyoung},
  journal={Sensors},
  volume={20},
  number={15},
  pages={4126},
  year={2020},
  publisher={Multidisciplinary Digital Publishing Institute}
}

@article{qi2002GPSINSdirectEKF,
  title={Direct Kalman filtering approach for GPS/INS integration},
  author={Qi, Honghui and Moore, John B},
  journal={IEEE Transactions on Aerospace and Electronic Systems},
  volume={38},
  number={2},
  pages={687--693},
  year={2002},
  publisher={IEEE}
}

@article{li2020GPSINShybridIMMEKF,
  title={A novel hybrid fusion algorithm for low-cost GPS/INS integrated navigation system during GPS outages},
  author={Li, Dengao and Jia, Xuan and Zhao, Jumin},
  journal={IEEE Access},
  volume={8},
  pages={53984--53996},
  year={2020},
  publisher={IEEE}
}

@ARTICLE{IPDA1994,  author={Musicki, D. and Evans, R. and Stankovic, S.},  journal={IEEE Transactions on Automatic Control},   title={Integrated probabilistic data association},   year={1994},  volume={39},  number={6},  pages={1237-1241},  doi={10.1109/9.293185}}}

@INPROCEEDINGS{LIDAREKF,  author={Ogawa, T. and Takagi, K.},  booktitle={2006 IEEE Intelligent Vehicles Symposium},   title={Lane Recognition Using On-vehicle LIDAR},   year={2006},  volume={},  number={},  pages={540-545},  doi={10.1109/IVS.2006.1689684}}}

@book{schutze2008introduction,
  title={Introduction to information retrieval},
  author={Sch{\"u}tze, Hinrich and Manning, Christopher D and Raghavan, Prabhakar},
  volume={39},
  year={2008},
  publisher={Cambridge University Press Cambridge}
}

@book{richardsz2021cv,
  title={Computer Vision: Algorithms and Applications, 2nd ed.},
  author={Richard Szeliski},
  volume={2},
  year={2021},
  publisher={Springer}
}

@inproceedings{alam2016ins,
  title={INS/GNSS localization using 15 state extended Kalman filter},
  author={Alam, Mushfiqul and Moreno, Gines and Sipos, Martin and Rohac, Jan},
  booktitle={Proceedings of the International Conference in Aerospace for Young Scientists, Beijing, China},
  pages={12--13},
  year={2016}
}

@article{nemra2010robust,
  title={Robust INS/GPS sensor fusion for UAV localization using SDRE nonlinear filtering},
  author={Nemra, Abdelkrim and Aouf, Nabil},
  journal={IEEE Sensors Journal},
  volume={10},
  number={4},
  pages={789--798},
  year={2010},
  publisher={IEEE}
}

 @misc{open3d_2018, 
  title={Voxelization}, 
  url={http://www.open3d.org/docs/release/tutorial/geometry/voxelization.html}, 
  journal={Voxelization - Open3D 0.14.1 documentation}, 
  author={Open3D}, 
  year={2018}
} 